% Encoding: UTF-8

@Comment{jabref-meta: databaseType:biblatex;}


@article{Furman2005whatisadhd,
    author = {Lydia Furman},
    title ={What Is Attention-Deficit Hyperactivity Disorder (ADHD)?},
    journal = {Journal of Child Neurology},
    volume = {20},
    number = {12},
    pages = {994-1002},
    year = {2005},
    doi = {10.1177/08830738050200121301},
    note ={PMID: 16417850},
    URL = { https://doi.org/10.1177/08830738050200121301},
    eprint = {https://doi.org/10.1177/08830738050200121301}
}

@article{lange2010history,
    title = {The history of attention deficit hyperactivity disorder},
    volume = {2},
    issn = {1866-6647},
    url = {https://doi.org/10.1007/s12402-010-0045-8},
    doi = {10.1007/s12402-010-0045-8},
    number = {4},
    journal = {ADHD Attention Deficit and Hyperactivity Disorders},
    author = {Lange, Klaus W. and Reichl, Susanne and Lange, Katharina M. and Tucha, Lara and Tucha, Oliver},
    year = {2010},
    pages = {241--255},
}

@article{diamond2005attention, 
    title={Attention-deficit disorder (attention-deficit/ hyperactivity disorder without hyperactivity): A neurobiologically and behaviorally distinct disorder from attention-deficit/hyperactivity disorder (with hyperactivity)}, 
    volume={17}, 
    DOI={10.1017/S0954579405050388}, 
    number={3}, 
    journal={Development and Psychopathology}, 
    author={DIAMOND, ADELE}, 
    year={2005}, 
    pages={807–825}
} 

@article{wilcox2023what,
    title={What Is Inattentive ADHD?},
    author={Wilcox K},
    year={2023},
    publisher={Child Mind Institute}
}


@article{swanson1998attention,
    title={Attention-deficit hyperactivity disorder and hyperkinetic disorder},
    author={Swanson, James M and Sergeant, Joseph A and Taylor, Eric and Sonuga-Barke, Edmund JS and Jensen, Peter S and Cantwell, Dennis P},
    journal={The Lancet},
    volume={351},
    number={9100},
    pages={429--433},
    year={1998},
    publisher={Elsevier}
}

@article{weiss2003chart,
    title={A chart review study of the inattentive and combined types of ADHD},
    author={Weiss, M and Worling, D and Wasdell, M},
    journal={Journal of Attention Disorders},
    volume={7},
    number={1},
    pages={1--9},
    year={2003},
    publisher={Sage Publications Sage CA: Thousand Oaks, CA}
}

@article{elmaghraby2022what,
    title={What is ADHD?},
    author={Elmaghraby R.,Garayalde S.},
    year={2022},
    publisher={American Psychiatric Association},
    url={https://www.psychiatry.org/patients-families/adhd/what-is-adhd}
}


@article{bahill2017discovering,
    title={Discovering system requirements},
    author={Bahill, A Terry and Madni, Azad M and Bahill, A Terry and Madni, Azad M},
    journal={Tradeoff Decisions in System Design},
    pages={373--457},
    year={2017},
    publisher={Springer}
}

@inproceedings{kravchenko2022ranking,
    title={Ranking requirements using MoSCoW methodology in practice},
    author={Kravchenko, Tatiana and Bogdanova, Tatiana and Shevgunov, Timofey},
    booktitle={Computer Science On-line Conference},
    pages={188--199},
    year={2022},
    organization={Springer}
}

@misc{UW2006CALENDAR, 
    title={Welcome to the University of Washington’s UW Calendar project}, 
    year={2006},
    url={https://www.washington.edu/ucal/require.html}, 
    journal={UW Calendar Requirements Document}, 
    publisher={ University of Washington}, 
    author={University of Washington}} 

@article{clarkson2013inclusive,
    title={Inclusive design: Design for the whole population},
    author={Clarkson, P John and Coleman, Roger and Keates, Simeon and Lebbon, Cherie},
    year={2013},
    publisher={Springer Science \& Business Media}
}

@inproceedings{ yonghun2015inclusive,
    Author = {Lim Yonghun and Nickpour, Farnaz},
    Editor = {Weber, C and Husung, S and Cascini, G and Cantamessa, M and Marjanovic, D and Bordegoni, M},
    Title = {INCLUSIVE DESIGN; FROM PHYSICAL TO PSYCHOSOCIAL - A LITERATURE ANALYSIS
    TOWARD A DEFINITION OF PSYCHOSOCIAL DIMENSIONS IN DESIGN},
    Booktitle = {DS 80-9 PROCEEDINGS OF THE 20TH INTERNATIONAL CONFERENCE ON ENGINEERING
    DESIGN (ICED 15) VOL 9: USER-CENTRED DESIGN, DESIGN OF SOCIO-TECHNICAL
    SYSTEMS},
    Series = {International Conference on Engineering Design},
    Year = {2015},
    Note = {20th International Conference on Engineering Design (ICED), Milan,
    ITALY, JUL 27-31, 2015},
    ISSN = {2220-4334},
    ISBN = {978-1-904670-72-8},
    ORCID-Numbers = {Nickpour, Farnaz/0000-0003-4207-6807},
    Unique-ID = {WOS:000366972000005},
}

@article{langberg2008organizational,
    author = {Joshua M Langberg, Jeffery N Epstein and Amanda J Graham},
    title = {Organizational-skills interventions in the treatment of ADHD},
    journal = {Expert Review of Neurotherapeutics},
    volume = {8},
    number = {10},
    pages = {1549-1561},
    year = {2008},
    publisher = {Taylor & Francis},
    doi = {10.1586/14737175.8.10.1549},
    note ={PMID: 18928347},
    URL = { 
    https://doi.org/10.1586/14737175.8.10.1549
    },
    eprint = { 
    https://doi.org/10.1586/14737175.8.10.1549
    }
}

@article{zentall1986performance,
    title={Effects of color stimulation on performance and activity of hyperactive and nonhyperactive children.},
    author={Zentall, Sydney S},
    journal={Journal of Educational Psychology},
    volume={78},
    number={2},
    pages={159},
    year={1986},
    publisher={American Psychological Association}
}

@article{zentall1985information,
    title={Effects of color stimulation and information on the copying performance of attention-problem adolescents},
    author={Zentall, Sydney S and Falkenberg, Steven D and Smith, Linda B},
    journal={Journal of abnormal child psychology},
    volume={13},
    number={4},
    pages={501--511},
    year={1985},
    publisher={Springer}
}

@article{wisner2023braindump, 
    title={How A brain dump can help you relieve stress}, 
    url={https://www.verywellmind.com/what-is-a-brain-dump-7111793}, 
    journal={Verywell Mind}, 
    publisher={Verywell Mind}, 
    author={Wisner, Wendy}, 
    year={2023}} 

@article{allen2023chaostoclarity, 
    title={From Chaos to Clarity: How to Organize Your Planner When you Have ADHD}, 
    publisher={Artful Agenda}, 
    author={Allen K.}, 
    year={2023}
} 

@article{ramsay2024cbt, 
    title={Why the ADHD brain chooses the less important task - and how CBT improves prioritization skills}, url={https://www.additudemag.com/how-to-prioritize-tasks-adhd-adults/}, 
    journal={ADDitude}, 
    publisher={ADDitude}, 
    author={Russel J. Ramsay}, 
    year={2024}
} 


@article{oades2008dopamine,
    title={Dopamine--serotonin interactions in attention-deficit hyperactivity disorder (ADHD)},
    author={Oades, Robert D},
    journal={Progress in brain research},
    volume={172},
    pages={543--565},
    year={2008},
    publisher={Elsevier}
}

@article{volkow2011motivation,
    title={Motivation deficit in ADHD is associated with dysfunction of the dopamine reward pathway},
    author={Volkow, Nora D and Wang, Gene-Jack and Newcorn, Jeffrey H and Kollins, Scott H and Wigal, Tim L and Telang, Frank and Fowler, Joanna S and Goldstein, Rita Z and Klein, Nelly and Logan, Jean and others},
    journal={Molecular psychiatry},
    volume={16},
    number={11},
    pages={1147--1154},
    year={2011},
    publisher={Nature Publishing Group}
}


@article{shields2017digital,
    title={Digital badges--rewards for learning?},
    author={Shields, Rebecca and Chugh, Ritesh},
    journal={Education and Information Technologies},
    volume={22},
    pages={1817--1824},
    year={2017},
    publisher={Springer}
}


@article{ortega2019reward,
    title={To reward and beyond: Analyzing the effect of reward-based strategies in a MOOC},
    author={Ortega-Arranz, Alejandro and Bote-Lorenzo, Miguel L and Asensio-P{\'e}rez, Juan I and Mart{\'\i}nez-Mon{\'e}s, Alejandra and G{\'o}mez-S{\'a}nchez, Eduardo and Dimitriadis, Yannis},
    journal={Computers \& Education},
    volume={142},
    pages={103639},
    year={2019},
    publisher={Elsevier}
}


@article{jamieson2022AppleTree,
    author = {Matthew Jamieson, Breda Cullen, Marilyn Lennon, Stephen Brewster and Jonathan Evans},
    title = {Designing ApplTree: usable scheduling software for people with cognitive impairments},
    journal = {Disability and Rehabilitation: Assistive Technology},
    volume = {17},
    number = {3},
    pages = {338-348},
    year = {2022},
    publisher = {Taylor & Francis},
    doi = {10.1080/17483107.2020.1785560},
    note ={PMID: 32633592},
    URL = { 
    https://doi.org/10.1080/17483107.2020.1785560
    },
    eprint = { 
    https://doi.org/10.1080/17483107.2020.1785560
    
    }
    
}


@inproceedings{iqbal2008effects,
    title={Effects of intelligent notification management on users and their tasks},
    author={Iqbal, Shamsi T and Bailey, Brian P},
    booktitle={Proceedings of the SIGCHI Conference on Human Factors in Computing Systems},
    pages={93--102},
    year={2008}
}

@inproceedings{horvitz2001notification,
    title={Notification, disruption, and memory: Effects of messaging interruptions on memory and performance},
    author={Horvitz, ECMCE},
    booktitle={Human-Computer Interaction: INTERACT},
    volume={1},
    pages={263},
    year={2001}
}	


@inproceedings{iqbal2010notifications,
    title={Notifications and awareness: a field study of alert usage and preferences},
    author={Iqbal, Shamsi T and Horvitz, Eric},
    booktitle={Proceedings of the 2010 ACM conference on Computer supported cooperative work},
    pages={27--30},
    year={2010}
}


@book{morris2004cognitive,
    title={The cognitive psychology of planning},
    author={Morris, Robin and Ward, Geoff},
    year={2004},
    publisher={Psychology Press}
}


@article{gupta2023understanding, 
    title={Understanding ADHD inattentive type and how to embrace it}, url={https://www.verywellmind.com/adhd-inattentive-type-symptoms-diagnosis-and-treatment-5224357}, 
    journal={Verywell Mind}, 
    author={Gupta, Sanjana}, 
    year={2023}
} 


