% Encoding: UTF-8


@article{diamond2005attention,
    title={Attention-deficit disorder (attention-deficit/hyperactivity disorder without hyperactivity): A neurobiologically and behaviorally distinct disorder from attention-deficit/hyperactivity disorder (with hyperactivity)},
    author={Diamond, Adele},
    journal={Development and psychopathology},
    volume={17},
    number={3},
    pages={807--825},
    year={2005},
    publisher={Cambridge University Press}
}

@InBook{Trigt2015,
  author    = {van Trigt, Maja},
  booktitle = {Zorg voor mensen met een verstandelijke beperking: Inleiding en ziektebeelden},
  date      = {2015},
  title     = {Oorzaken en syndromen bij mensen met een verstandelijke beperking},
  doi       = {10.1007/978-90-368-0883-5_2},
  editor    = {J{\"u}ngen, IJbelien and van der Meijden-Meijer, Simone},
  isbn      = {978-90-368-0883-5},
  location  = {Houten},
  pages     = {15--53},
  publisher = {Bohn Stafleu van Loghum},
  url       = {https://doi.org/10.1007/978-90-368-0883-5_2},
  abstract  = {De groep mensen met een verstandelijke beperking is zeer heterogeen. Er zijn verschillen in ernst, oorzaak, het ontstaan van gezondheidsproblemen en de leeftijd waarop de beperking zichtbaar wordt. Zoals in hoofdstuk 1 besproken kan de oorzaak voor de geboorte (prenataal), rond de geboorte (perinataal) of op jonge leeftijd (postnataal) liggen (zie ook tabel 1.2). In dit hoofdstuk komt een aantal oorzaken of syndromen (verzameling van samen voorkomende klinische verschijnselen/symptomen) aan bod. Besproken worden het downsyndroom, fragiele-X-syndroom, angelmansyndroom, prader-willisyndroom, klinefeltersyndroom, turnersyndroom, cri-du-chatsyndroom, cornelia-de-langesyndroom, noonansyndroom, rettsyndroom, foetaal alcoholsyndroom, congenitale infecties (rubella, toxoplasmose en cytomegalie), stofwisselingsziekten (fenylketonurie, galactosemie, vetzuuroxidatiestoornis en glycogeenstapelingsziekte), perinatale oorzaken en psycho/postnatale oorzaken. Na een beschrijving van de aandoening komen de oorzaak, het stellen van de diagnose, de gezondheidsproblemen en de aandachtspunten voor zorg en begeleiding aan bod.},
}


@Article{VanHerwegen2019,
  author       = {Jo Van Herwegen and Maria Ashworth and Olympia Palikara},
  date         = {2019-08},
  journaltitle = {Research in Developmental Disabilities},
  title        = {Views of professionals about the educational needs of children with neurodevelopmental disorders},
  doi          = {10.1016/j.ridd.2019.05.001},
  pages        = {103422},
  volume       = {91},
  publisher    = {Elsevier {BV}},
}

@InProceedings{Rapp2019,
  author    = {Amon Rapp and Federica Cena and Christopher Frauenberger and Niels Hendriks and Karin Slegers},
  booktitle = {Proceedings of the 21st International Conference on Human-Computer Interaction with Mobile Devices and Services},
  date      = {2019-10},
  title     = {Designing Mobile Technologies for Neurodiversity},
  doi       = {10.1145/3338286.3344427},
  publisher = {{ACM}},
}

@Article{Harrysson2004,
  author       = {B. Harrysson and A. Svensk and G. I. Johansson},
  date         = {2004-09},
  journaltitle = {British Journal of Special Education},
  title        = {How people with developmental disabilities navigate the Internet},
  doi          = {10.1111/j.0952-3383.2004.00344.x},
  number       = {3},
  pages        = {138--142},
  volume       = {31},
  publisher    = {Wiley},
}

@Article{Gulliksen2004,
  author       = {Jan Gulliksen and Susan Harker and Gregg Vanderheiden},
  date         = {2004-03},
  journaltitle = {Universal Access in the Information Society},
  title        = {Guidelines, standards, methods and processes for software accessibility},
  doi          = {10.1007/s10209-003-0068-4},
  number       = {1},
  pages        = {1--5},
  volume       = {3},
  publisher    = {Springer Science and Business Media {LLC}},
}

@Book{Nicolle2001,
  author    = {Collette Nicolle and Julio Abascal},
  date      = {2001-06},
  title     = {Inclusive Design Guidelines for {HCI}},
  doi       = {10.1201/9781482268317},
  publisher = {{CRC} Press},
}

@InCollection{Roessvoll2013,
  author    = {Till Halbach R{\o}ssvoll and Kristin Skeide Fuglerud},
  booktitle = {Universal Access in Human-Computer Interaction. Design Methods, Tools, and Interaction Techniques for {eInclusion}},
  date      = {2013},
  title     = {Best Practice for Efficient Development of Inclusive {ICT}},
  doi       = {10.1007/978-3-642-39188-0_11},
  pages     = {97--106},
  publisher = {Springer Berlin Heidelberg},
}

@Comment{jabref-meta: databaseType:biblatex;}
